@Manual{R-cowplot,
  title = {cowplot: Streamlined Plot Theme and Plot
    Annotations for ggplot2},
  author = {Claus O. Wilke},
  year = {2020},
  note = {R package version 1.1.1},
  url = {https://wilkelab.org/cowplot/},
}

@Manual{R-data.table,
  title = {data.table: Extension of `data.frame`},
  author = {Matt Dowle and Arun Srinivasan},
  year = {2021},
  note = {R package version 1.14.2},
  url = {https://CRAN.R-project.org/package=data.table},
}

@Manual{R-dplyr,
  title = {dplyr: A Grammar of Data Manipulation},
  author = {Hadley Wickham and Romain François and Lionel
    Henry and Kirill Müller},
  year = {2022},
  note = {R package version 1.0.8},
  url = {https://CRAN.R-project.org/package=dplyr},
}

@Manual{R-geosphere,
  title = {geosphere: Spherical Trigonometry},
  author = {Robert J. Hijmans},
  year = {2021},
  note = {R package version 1.5-14},
  url = {https://CRAN.R-project.org/package=geosphere},
}

@Manual{R-ggplot2,
  title = {ggplot2: Create Elegant Data Visualisations Using
    the Grammar of Graphics},
  author = {Hadley Wickham and Winston Chang and Lionel
    Henry and Thomas Lin Pedersen and Kohske Takahashi and
    Claus Wilke and Kara Woo and Hiroaki Yutani and Dewey
    Dunnington},
  year = {2021},
  note = {R package version 3.3.5},
  url = {https://CRAN.R-project.org/package=ggplot2},
}

@Manual{R-plm,
  title = {plm: Linear Models for Panel Data},
  author = {Yves Croissant and Giovanni Millo and Kevin
    Tappe},
  year = {2022},
  note = {R package version 2.6-1},
  url = {https://CRAN.R-project.org/package=plm},
}

@Manual{R-plyr,
  title = {plyr: Tools for Splitting, Applying and Combining
    Data},
  author = {Hadley Wickham},
  year = {2020},
  note = {R package version 1.8.6},
  url = {https://CRAN.R-project.org/package=plyr},
}

@Manual{R-readr,
  title = {readr: Read Rectangular Text Data},
  author = {Hadley Wickham and Jim Hester and Jennifer
    Bryan},
  year = {2022},
  note = {R package version 2.1.2},
  url = {https://CRAN.R-project.org/package=readr},
}

@Manual{R-tidyr,
  title = {tidyr: Tidy Messy Data},
  author = {Hadley Wickham and Maximilian Girlich},
  year = {2022},
  note = {R package version 1.2.0},
  url = {https://CRAN.R-project.org/package=tidyr},
}

@Book{ggplot22016,
  author = {Hadley Wickham},
  title = {ggplot2: Elegant Graphics for Data Analysis},
  publisher = {Springer-Verlag New York},
  year = {2016},
  isbn = {978-3-319-24277-4},
  url = {https://ggplot2.tidyverse.org},
}

@Book{plm2018,
  title = {Panel Data Econometrics with {R}},
  author = {Yves Croissant and Giovanni Millo},
  publisher = {Wiley},
  year = {2018},
}

@Article{plm2008,
  title = {Panel Data Econometrics in {R}: The {plm}
    Package},
  author = {Yves Croissant and Giovanni Millo},
  journal = {Journal of Statistical Software},
  year = {2008},
  volume = {27},
  number = {2},
  pages = {1--43},
  doi = {10.18637/jss.v027.i02},
}

@Article{plm2017,
  title = {Robust Standard Error Estimators for Panel
    Models: A Unifying Approach},
  author = {Giovanni Millo},
  journal = {Journal of Statistical Software},
  year = {2017},
  volume = {82},
  number = {3},
  pages = {1--27},
  doi = {10.18637/jss.v082.i03},
}

@Article{plyr2011,
  title = {The Split-Apply-Combine Strategy for Data
    Analysis},
  author = {Hadley Wickham},
  journal = {Journal of Statistical Software},
  year = {2011},
  volume = {40},
  number = {1},
  pages = {1--29},
  url = {http://www.jstatsoft.org/v40/i01/},
}

