@techreport{strategia_promocji,
	address = {Kołobrzeg},
	title = {Strategia promocji powiatu kołobrzeskiego na lata 2012 - 2020},
	institution = {Powiat Kołobrzeski},
	author = {Miedziński, Mariusz },
	year = {2012},
}

@book{wibig,
	address = {Warszawa},
	series = {Wpływ zmian klimatu na środowisko, gospodarkę i społeczeństwo : zmiany, skutki i sposoby ich ograniczenia, wnioski dla nauki, praktyki inżynierskiej i planowania gospodarczego},
	title = {Warunki klimatyczne i oceanograficzne w {Polsce} i na {Bałtyku} {Południowym}: spodziewane zmiany i wytyczne do opracowania strategii adaptacyjnych w gospodarce krajowej},
	isbn = {9788361102656},
	shorttitle = {Warunki klimatyczne i oceanograficzne w {Polsce} i na {Bałtyku} {Południowym}},
	number = {tom 1},
	publisher = {Instytut Meteorologii i Gospodarki Wodnej - Państwowy Instytut Badawczy},
	editor = {Wibig, Joanna and Jakusik, Ewa and {Instytut Meteorologii i Gospodarki Wodnej} and {European Union}},
	year = {2012},
	keywords = {Climatic changes, Research, Poland},
}


@book{historia_kołobrzeg,
	address = {Kołobrzeg},
	title = {Historia {Kołobrzegu}. {Dla} średniozaawansowanych},
	isbn = {978-83-908633-7-15},
	url = {https://historiakolobrzegu.pl/images/pliki/historia.pdf},
	publisher = {Wydawnictwo Kamera},
	author = {Dziemba, Robert},
	year = {2018},
}


@misc{historia_kołobrzeg_wiki,
	title = {Historia {Kołobrzegu}},
	copyright = {Creative Commons Attribution-ShareAlike License},
	url = {https://pl.wikipedia.org/w/index.php?title=Historia_Ko%C5%82obrzegu&oldid=64403590},
	language = {pl},
	urldate = {2021-11-08},
	journal = {Wikipedia, wolna encyklopedia},
	month = aug,
	year = {2021},
	note = {Page Version ID: 64403590},
}

@misc{kołobrzeg_gazetamuz,
	title = {Jak nadmorskie miasto zamieniono w twierdzę - {Gazeta} {Muzealna}},
	url = {http://www.gazetamuzealna.kolobrzeg.pl/lato-czerwiec-2019/jak-nadmorskie-miasto-zamieniono-w-twierdze/},
	urldate = {2021-11-11},
}


@misc{kołobrzeg_cytat,
	title = {Kołobrzeg pod radziecką "okupacją"},
	url = {https://twierdzakolobrzeg.pl/twierdza/rok-1945/397-kolobrzeg-pod-radziecka-okupacja},
	abstract = {Strona o historii Twierdzy Kołobrzeg i Reducie Morast w Kołobrzegu.},
	urldate = {2021-11-13},
}

@article{heider,
	title = {Nieco o rozwoju {Kołobrzegu} jako uzdrowiska – od przeszłości do teraźniejszości},
	volume = {18(3,4)},
	journal = {Otorynolaryngologia},
	author = {Heider, Roman  and Kierzek, Andrzej and Laber, Wojciech and Kotuła, Jacek},
	year = {2019},
	pages = {94--100},
}


@misc{stojaknarower,
	title = {Infrastruktura rowerowa w {Polsce}},
	url = 	{https://www.stojaknarower.pl/blog/infrastruktura-rowerowa-w-polsce},
	urldate = {2021-12-08},
}


@techreport{studium_rower,
	type = {Uchwała {Rady} {Miasta} {Kołobrzeg}},
	title = {Studium rozwoju infrastruktury rowerowej w {Kołobrzegu}},
	url = {http://umkolobrzeg.esp.parseta.pl/uploads/media/UCHWALA_NR_XVI.202.16_w_spr._rozwoju_infrastruktury_rowerowej_GMK_-_studium_rowerowe_03.pdf},
	number = {XVI/202/16},
	institution = {Stowarzyszenie inżynierów i techników komunikacji RP oddział w Krakowie },
	author = {Franek, Łukasz and Struska, Paulina and Szpórnóg, Mateusz and Wiertel, Bartłomiej and Wiśniowski, Adam},
	year = {2016},
}


@misc{kolobrzeskirower,
	title = {{\textbar} {Kołobrzeski} {Rower} {Miejski}},
	url = {https://kolobrzeskirower.pl/powrot-rowerow-miejskich-nextbike/},
	urldate = {2021-12-09},
}

@techreport{raport_2020,
	type = {Zarządzenie},
	title = {Raport o stanie {Gminy} {Miasto} {Kolobrzeg} za 2020},
	url = {http://umkolobrzeg.esp.parseta.pl/uploads/media/Raport_o_stanie_Gminy_Miasto_Kolobrzeg_za_2020_03.pdf},
	number = {50/21},
	institution = {Urząd Miasta Kołobrzeg},
	month = apr,
	year = {2021},
}

@techreport{raport_2019,
	type = {},
	title = {Raport o stanie {Gminy} {Miasto} {Kolobrzeg} za 2019},
	url = {http://eregion.wzp.pl/sites/default/files/raport_o_stanie_za_2019.pdf},
	number = {},
	institution = {Urząd Miasta Kołobrzeg},
	year = {2020},
}

@techreport{eurotest,
	type = {},
	title = {Stan i warunki rozwoju gospodarki miasta Kołobrzeg ze szczególnym uwzględnieniem sektora małych i średnich przedsiębiorstw wg stanu na początku 2011 roku},
	url = {http://umkolobrzeg.esp.parseta.pl/uploads/media/raport_rozwoju_gospodarki.pdf},
	number = {},
	institution = {Instytut Eurotest},
	year = {2011},
}

@techreport{smartcity,
	type = {},
	title = {Strategia Smart City Miasta Kołobrzeg},
	url = {http://umkolobrzeg.esp.parseta.pl/uploads/media/Strategia_Smart_City_Miasta_Kolobrzeg_-_projekt_dokumentu.pdf},
	number = {},
	institution = {Urząd Miasta Kołobrzeg},
	author = {Zespół Doradców Gospodarczych TOR},
	year = {2020},
}


@misc{lotnisko,
	title = {Lotnisko},
	url = {https://okkolobrzeg.pl/lotnisko/},
	abstract = {Najbliższe lotnisko znajduje się w Bagiczu. Najbliższy port lotniczy znajduje się w Goleniowie - położony 33 km na północny wschód od centrum Szczecina przy drodze krajowej nr 6 w pobliżu wsi Glewice.  Można tam dotrzeć szynobusem PKP. Jest to stosunkowo wygodne połączenie, bo wybra…},
	language = {pl-PL},
	urldate = {2021-12-12},
	journal = {OK! KOŁOBRZEG},
	month = oct,
	year = {2016},
}

@misc{ekopark,
	title = {Ekopark {Wschodni} w {Kołobrzegu} - piękne miejsce na spacer lub wycieczkę rowerową {\textbar} },
	url = {https://krajewscywpodrozy.pl/podroze-po-polsce/ekopark-wschodni-w-kolobrzegu/},
	abstract = {},
	language = {pl-PL},
	urldate = {2021-12-12},
}

@misc{gosp_rower,
	title = {Polacy rocznie kupują milion rowerów},
	url = {https://www.rp.pl/biznes/art9027701-polacy-rocznie-kupuja-milion-rowerow},
	abstract = {Rynek jest stabilny, ale popytowi na jednoślady zdecydowanie sprzyja moda na zdrowy styl życia.},
	language = {pl},
	urldate = {2021-12-21},
	journal = {Rzeczpospolita},
}

@techreport{studium_uwarunkowan,
	type = {Uchwała {Rady} {Miasta} {Kołobrzeg}},
	title = {studium uwarunkowań i kierunków zagospodarowania przestrzennego miasta {Kołobrzeg}},
	url = {http://umkolobrzeg.esp.parseta.pl/uploads/media/czesc_opisowa_06.pdf},
	number = {XXXIV/478/21},
	institution = {URZĄD MIASTA KOŁOBRZEG WYDZIAŁ URBANISTYKI I ARCHITEKTURY},
	year = {2021},
}

@book{nachmias,
	address = {Poznan},
	title = {Metody badawcze w naukach spolecznych},
	isbn = {9788371507021},
	language = {Polish},
	publisher = {Zysk i S-ka},
	author = {Frankfort-Nachmias, Chava and Nachmias, David and Hornowska, Elzbieta},
	year = {2001},
	note = {OCLC: 749342178},
}